<record><leader>00000cas a2200000 a 4500</leader><controlfield tag="001">14388116</controlfield><controlfield tag="008">861013d19uu1982kyudr ne      0    0eng d</controlfield><datafield ind1=" " ind2=" " tag="010"><subfield code="a">sn 86069614 </subfield></datafield><datafield ind1=" " ind2=" " tag="040"><subfield code="a">KNP</subfield><subfield code="b">eng</subfield><subfield code="c">KNP</subfield><subfield code="d">OCL</subfield><subfield code="d">OCLCQ</subfield></datafield><datafield ind1=" " ind2=" " tag="042"><subfield code="a">msc</subfield></datafield><datafield ind1="0" ind2="0" tag="245"><subfield code="a">Ashland daily independent.</subfield></datafield><datafield ind1=" " ind2=" " tag="260"><subfield code="a">Ashland, Ky. :</subfield><subfield code="b">Ashland Independent Pub. Co.,</subfield><subfield code="c">-1982.</subfield></datafield><datafield ind1=" " ind2=" " tag="300"><subfield code="a">v. :</subfield><subfield code="b">ill.</subfield></datafield><datafield ind1=" " ind2=" " tag="310"><subfield code="a">Daily</subfield></datafield><datafield ind1="0" ind2=" " tag="362"><subfield code="a">-v. 86, no. 73 (Feb. 28, 1982).</subfield></datafield><datafield ind1=" " ind2=" " tag="588"><subfield code="a">Description based on: Vol. 14, no. 284 (Feb. 14, 1910).</subfield></datafield><datafield ind1=" " ind2="4" tag="651"><subfield code="a">Ashland (Ky.)</subfield><subfield code="v">Newspapers.</subfield></datafield><datafield ind1=" " ind2="4" tag="651"><subfield code="a">Boyd County (Ky.)</subfield><subfield code="v">Newspapers.</subfield></datafield><datafield ind1=" " ind2=" " tag="752"><subfield code="a">United States</subfield><subfield code="b">Kentucky</subfield><subfield code="c">Boyd</subfield><subfield code="d">Ashland.</subfield></datafield><datafield ind1="0" ind2="0" tag="780"><subfield code="t">Ashland daily independent, and the news-press</subfield><subfield code="w">(DLC)sn 86069613</subfield></datafield><datafield ind1="0" ind2="0" tag="785"><subfield code="t">Daily independent (Ashland, Ky.)</subfield><subfield code="w">(DLC)sn 82002668</subfield></datafield></record>